2490 4800
264 640 302 720 iu
363 637 713 716 LECTORIBUS
750 635 1043 710 MONITUM.

274 791 281 801 ”
309 781 406 851 Hanc
422 772 664 848 Bibliothecam
689 769 804 842 multis
829 771 1027 853 ratiffimis,
1055 794 1142 868 prz-

262 893 459 977 tiosislimis,
473 887 658 977 innumeris
670 887 898 988 praestantii&
913 888 1029 987 praerio
1046 885 1143 958 libris

260 1009 310 1097 ita
330 1009 492 1081 refertam
518 1006 778 1092 annuntiamus,
805 1030 843 1078 ut
863 1028 1068 1102 unaquaquae
1089 1000 1142 1072 sa-

259 1126 426 1201 cultatum
465 1120 648 1197 subdivisio
701 1121 841 1205 alicuius
884 1118 1052 1192 momenti
1101 1111 1141 1188 fit

182 1312 184 1316 .
248 1240 427 1331 lrabenda.

119 1335 121 1339 Ι
232 1350 235 1355 ’
296 1357 568 1456 Quamvisenim
587 1354 775 1458 praetiosam
791 1348 1142 1451 Theologiaclallem

258 1475 439 1563 omittam,
459 1502 543 1576 quot
555 1486 588 1547 &
599 1501 730 1573 quanta
743 1497 815 1545 tum
832 1472 868 1542 in
886 1468 1139 1551 JnrePublico,

256 1590 384 1679 Ciuili,
397 1593 529 1666 Gallico
548 1592 675 1664 divitia
688 1611 920 1690 exponuntur:
936 1586 1014 1684 quis
1027 1583 1139 1657 nobis·

252 1732 332 1782 cum
344 1710 386 1781 de
398 1715 478 1783 Jure
496 1713 657 1779 Extraneo
677 1703 922 1779 contenderet?

301 1831 355 1898 De
375 1852 466 1922 quo:
491 1829 519 1892 lc
545 1848 634 1914 corps
659 1825 931 1916 Diplornatique,
962 1819 1143 1894 Pandaflae

252 1944 469 2041 Florentino,
496 1942 882 2042 Antonius-Augustinus
903 1945 940 2011 de
959 1939 1141 2047 nominibus

248 2064 421 2156 propiiis,
450 2067 495 2130 les
520 2063 686 2145 Mimoites
715 2065 759 2130 du
791 2061 901 2159 Clergt'
918 2062 955 2128 dt
982 2059 1017 2126 F
1018 2080 1142 2143 ταντα,-

251 2176 423 2251 innumeri
439 2175 757 2254 Jurisconsultorum
769 2179 886 2252 Galliae
899 2174 1042 2278 praetiofi
1056 2202 1141 2249 trac·

250 2316 339 2368 tatus
352 2296 449 2368 testes
467 2323 576 2369 erunt.

297 2412 477 2511 Sapientia:
492 2424 527 2488 δι
549 2440 674 2487 naturae
691 2415 824 2500 studio,
842 2412 941 2485 rebus
956 2409 1144 2485 forensibus

200 2532 202 2536 ’
251 2548 386 2628 tempus
402 2556 558 2632 ereptum
572 2532 673 2604 dabat
697 2530 931 2628 Philosophus.
956 2530 1052 2624 Quid
1074 2531 1140 2602 mi-

247 2664 323 2714 rum
335 2641 358 2714 fi
370 2647 457 2719 inter
468 2647 552 2718 alios
563 2647 784 2748 philosophos
798 2647 997 2715 lamblichus
1011 2696 1022 2728 ,
1039 2653 1138 2718 Plato

245 2783 287 2827 ex
305 2764 441 2833 editione
461 2768 616 2854 Serrani,
632 2764 766 2834 Pereirae
788 2766 986 2834 Antoniana
1001 2770 1139 2862 Marga-

245 2879 333 2966 rita,
361 2884 545 2956 emineant.
673 2880 699 2947 ἦ

293 2997 431 3066 Naturae
443 2997 681 3070 scrutatoribus
694 2997 800 3069 facilis
811 2998 1131 3100 aderit-triumphus,

239 3110 372 3177 Plinius
396 3113 563 3181 Harduini
587 3135 675 3183 carra
701 3114 848 3205 majori,
883 3117 1134 3207 Plucltcn'erius,

239 3226 451 3323 Pyrltnntoza
468 3234 723 3324 lconogrnpltia,
736 3234 969 3318 Aldrovandi,
989 3234 1135 3334 Jonstoni

238 3344 440 3439 Willugbei‚
469 3347 680 3433 Rondelcrii,
720 3355 874 3423 Salviani
897 3377 990 3443 opera
1016 3409 1027 3439 ‚
1063 3351 1135 3424 suas

236 3461 385 3561 quasque
398 3462 597 3552 divisiones,
614 3466 727 3565 plenas
751 3467 871 3539 ditant.
890 3468 1041 3565 Reliquae
1060 3494 1134 3540 tum

235 3577 392 3655 Scientiae
406 3635 415 3664 ,
428 3581 613 3653 Medecina
626 3640 636 3670 ‚
650 3585 846 3655 Geometria
865 3609 936 3657 turn
949 3589 1043 3656 Artes
1056 3584 1134 3684 plu-

240 3694 338 3770 rimis
363 3695 405 3768 ad
431 3696 496 3773 huc
514 3696 644 3796 fulgent
668 3697 833 3770 scintillis.

279 3816 516 3887 Humanarum
539 3816 728 3889 litterarum
754 3813 1005 3913 groco-latinos
1033 3842 1132 3891 auto-

234 3950 286 4003 res
296 3955 336 3999 tx
345 3932 523 4025 primariis,
533 3957 595 4007 nec
604 3936 844 4025 nonAldonun
855 3988 870 4025 ,
881 3935 1124 4033 manentum,
