2490 4800
858 656 865 671 .
952 566 991 666 iit

141 752 987 817 ω-Ξ--ω-

122 908 565 1032 uncronruus
609 938 977 1058 nonnum.
1102 956 1126 1045 ·,

104 1152 266 1281 DEeo
278 1224 378 1300 quem
390 1197 992 1306 BibliophilisofferimusCatalogo,

105 1303 240 1418 longius
262 1321 375 1391 dicere
391 1316 513 1393 inutile
531 1317 665 1418 prorsus
688 1319 901 1394 arbitramur.

148 1434 246 1506 Vasti
267 1436 487 1524 eruditione,
509 1435 702 1536 linguarum
734 1460 844 1534 graecae
876 1437 988 1509 latinae

100 1557 137 1621 &
156 1576 345 1625 exterarum
363 1553 503 1626 scientia
524 1607 536 1639 ,
566 1551 696 1649 Judicio
724 1574 793 1650 que
809 1551 993 1651 exquisitis·

100 1666 186 1738 simo
216 1667 301 1739 hanc
327 1668 574 1745 Bibliothecam
597 1667 790 1742 confefflnt
820 1668 916 1741 fuisse
949 1695 993 1759 eir

97 1780 193 1855 libris
205 1782 282 1884 ipfis
301 1785 496 1887 intelligere
518 1787 577 1860 est.
608 1788 724 1882 Quem
747 1785 785 1859 in
800 1785 910 1857 nostri
930 1789 991 1858 Pa·

98 1898 254 1973 rifiorum
273 1904 356 1975 urbe
378 1905 422 1977 de
443 1904 538 1980 libris
558 1902 823 2002 competitorem
839 1928 909 1973 non
923 1901 989 1993 haq

100 2015 176 2089 buit
195 2019 364 2094 Dominus
382 2047 425 2092 nn
447 2026 655 2093 Ssmcounr
670 2074 682 2106 ,
700 2016 817 2127 quisve
828 2019 871 2091 de
895 2017 990 2093 illius

96 2133 315 2232 uibliophilia
339 2135 467 2210 inficias
479 2138 544 2211 ibit
561 2143 574 2214 ἓ

144 2254 226 2322 Non
238 2252 359 2327 litteris
376 2279 527 2337 tantum,
543 2253 602 2325 sed
615 2259 649 2325 &
664 2252 771 2325 animi
783 2253 983 2354 ingeniique

95 2370 364 2466 ptaestanriffimis
379 2373 517 2447 dotibus
538 2370 656 2447 valuit.
690 2376 768 2444 Jam
791 2371 834 2441 de
851 2370 984 2442 sociali-

95 2483 156 2558 bus
172 2489 382 2563 &civilibus
401 2491 584 2565 virtutibus
609 2488 690 2560 esset
714 2487 917 2575 dicendum,
938 2485 985 2558 il-

93 2601 158 2676 lius
179 2632 281 2702 quem
307 2607 468 2681 reclamat
482 2607 625 2679 Themis
641 2608 683 2694 *,
710 2603 873 2679 defidetat
888 2604 985 2678 illus-

93 2718 252 2792 triffirnus
274 2728 500 2795 Patronotum
513 2724 600 2795 ordo
610 2720 625 2809 ,'
639 2723 742 2809 etiam
764 2749 848 2794 num
860 2721 978 2817 lugent

89 2835 221 2918 amici,
250 2836 377 2934 diuque
404 2861 508 2934 porro
536 2838 707 2933 ingebunt.
734 2837 801 2908 Sed
832 2838 850 2907 i
879 2836 980 2909 nobis

90 2975 170 3050 egre
192 2950 380 3025 fetentibus
402 2950 594 3025 conceffirm
608 2950 801 3053 silentium,
821 2951 980 3027 tenuitati

92 3070 208 3141 nosttae
231 3070 400 3169 congruit.
816 3160 818 3165 Δ

136 3185 251 3260 Nobis
279 3188 394 3285 itaque
418 3186 594 3261 ad·hocce
627 3187 776 3293 nostrum
812 3186 975 3286 Catalogi

87 3299 276 3395 officiumi
296 3305 473 3404 posseffore
496 3303 696 3404 designatis,
719 3303 763 3376 de
789 3301 883 3378 libris
897 3302 977 3404 ipsis
1047 3348 1052 3363 ·

89 3419 275 3495 dicendum
297 3423 356 3496 est.

126 3721 149 3766 *
167 3727 210 3782 Μ.
227 3723 263 3784 de
285 3728 432 3786 Senicourt
452 3725 524 3786 etoit
540 3719 658 3785 nailli'a
675 3717 786 3803 Poiffy,
810 3727 837 3780 &
860 3738 911 3800 pat
927 3718 980 3781 les.
1113 3806 1118 3818 ι

89 3819 207 3884 services
225 3821 363 3885 differens
378 3830 449 3909 qu'il
467 3842 521 3906 γα
541 3823 648 3897 tendit,
667 3817 699 3884 sa
715 3821 850 3886 memoire
868 3840 889 3901 y
908 3815 970 3889 sera
1108 3888 1111 3895 Ι
1134 3862 1139 3873 .
1208 3836 1218 3901 j

89 3920 181 3984 rhetis
195 3922 378 4005 long-temps.
1027 3928 1030 3933 ·
